@inproceedings{guha2000clustering,
  title={Clustering data streams},
  author={Guha, Sudipto and Mishra, Nina and Motwani, Rajeev and O'Callaghan, Liadan},
  booktitle={Foundations of computer science, 2000. proceedings. 41st annual symposium on},
  pages={359--366},
  year={2000},
  organization={IEEE}
}

@inproceedings{papagelis2005incremental,
  title={Incremental collaborative filtering for highly-scalable recommendation algorithms},
  author={Papagelis, Manos and Rousidis, Ioannis and Plexousakis, Dimitris and Theoharopoulos, Elias},
  booktitle={International Symposium on Methodologies for Intelligent Systems},
  pages={553--561},
  year={2005},
  organization={Springer}
}

@article{gupta1993maintaining,
  title={Maintaining views incrementally},
  author={Gupta, Ashish and Mumick, Inderpal Singh and Subrahmanian, Venkatramanan Siva},
  journal={ACM SIGMOD Record},
  volume={22},
  number={2},
  pages={157--166},
  year={1993},
  publisher={ACM}
}

@inproceedings{green2007update,
  title={Update exchange with mappings and provenance},
  author={Green, Todd J and Karvounarakis, Grigoris and Ives, Zachary G and Tannen, Val},
  booktitle={Proceedings of the 33rd international conference on Very large data bases},
  pages={675--686},
  year={2007},
  organization={VLDB Endowment}
}

@book{date2006relational,
  title={The relational database dictionary: a comprehensive glossary of relational terms and concepts, with illustrative examples},
  author={Date, Chris J},
  pages={59},
  year={2006},
  publisher={" O'Reilly Media, Inc."}
}

@article{halevy2001answering,
  title={Answering queries using views: A survey},
  author={Halevy, Alon Y},
  journal={The VLDB Journal},
  volume={10},
  number={4},
  pages={270--294},
  year={2001},
  publisher={Springer}
}

@inproceedings{rajaraman1995answering,
  title={Answering queries using templates with binding patterns},
  author={Rajaraman, Anand and Sagiv, Yehoshua and Ullman, Jeffrey D},
  booktitle={Proceedings of the fourteenth ACM SIGACT-SIGMOD-SIGART symposium on Principles of database systems},
  pages={105--112},
  year={1995},
  organization={ACM}
}

@techreport{levy1996querying,
  title={Querying heterogeneous information sources using source descriptions},
  author={Levy, Alon and Rajaraman, Anand and Ordille, Joann},
  year={1996},
  institution={Stanford InfoLab}
}

@article{brachman1993integrated,
  title={Integrated support for data archaeology},
  author={Brachman, Ronald J and Selfridge, Peter G and Terveen, Loren G and Altman, Boris and Borgida, Alex and Halper, Fern and Kirk, Thomas and Lazar, Alan and McGuinness, Deborah L and Resnick, Lori Alperin},
  journal={International Journal of Intelligent and Cooperative Information Systems},
  volume={2},
  number={02},
  pages={159--185},
  year={1993},
  publisher={World Scientific}
}

@inproceedings{deshpande2006mauvedb,
  title={MauveDB: supporting model-based user views in database systems},
  author={Deshpande, Amol and Madden, Samuel},
  booktitle={Proceedings of the 2006 ACM SIGMOD international conference on Management of data},
  pages={73--84},
  year={2006},
  organization={ACM}
}

@article{koc2011incrementally,
  title={Incrementally maintaining classification using an RDBMS},
  author={Koc, M Levent and R{\'e}, Christopher},
  journal={Proceedings of the VLDB Endowment},
  volume={4},
  number={5},
  pages={302--313},
  year={2011},
  publisher={VLDB Endowment}
}

@book{rudin1976principles,
  title={Principles of mathematical analysis},
  author={Rudin, Walter and others},
  volume={3},
  number={4.2},
  year={1976},
  publisher={McGraw-hill New York}
}

@inproceedings{rahimi2008random,
  title={Random features for large-scale kernel machines},
  author={Rahimi, Ali and Recht, Benjamin},
  booktitle={Advances in neural information processing systems},
  pages={1177--1184},
  year={2008}
}

@inproceedings{nikolic2014linview,
  title={LINVIEW: incremental view maintenance for complex analytical queries},
  author={Nikolic, Milos and ElSeidy, Mohammed and Koch, Christoph},
  booktitle={Proceedings of the 2014 ACM SIGMOD international conference on Management of data},
  pages={253--264},
  year={2014},
  organization={ACM}
}

@book{press2007numerical,
  title={Numerical recipes 3rd edition: The art of scientific computing},
  author={Press, William H and Teukolsky, Saul A and Vetterling, William T and Flannery, Brian P},
  year={2007},
  publisher={Cambridge university press}
}

@article{halevy2001answering,
  title={Answering queries using views: A survey},
  author={Halevy, Alon Y},
  journal={The VLDB Journal},
  volume={10},
  number={4},
  pages={270--294},
  year={2001},
  publisher={Springer}
}

@article{hasani2018efficient,
  title={Efficient construction of approximate ad-hoc ML models through materialization and reuse},
  author={Hasani, Sona and Thirumuruganathan, Saravanan and Asudeh, Abolfazl and Koudas, Nick and Das, Gautam},
  journal={Proceedings of the VLDB Endowment},
  volume={11},
  number={11},
  pages={1468--1481},
  year={2018},
  publisher={VLDB Endowment}
}

@inproceedings{arthur2007k,
  title={k-means++: The advantages of careful seeding},
  author={Arthur, David and Vassilvitskii, Sergei},
  booktitle={Proceedings of the eighteenth annual ACM-SIAM symposium on Discrete algorithms},
  pages={1027--1035},
  year={2007},
  organization={Society for Industrial and Applied Mathematics}
}

@article{bhattacharyya1943measure,
  title={On a measure of divergence between two statistical populations defined by their probability distributions},
  author={Bhattacharyya, Anil},
  journal={Bull. Calcutta Math. Soc.},
  volume={35},
  pages={99--109},
  year={1943}
}

@inproceedings{zhang2012communication,
  title={Communication-efficient algorithms for statistical optimization},
  author={Zhang, Yuchen and Wainwright, Martin J and Duchi, John C},
  booktitle={Advances in Neural Information Processing Systems},
  pages={1502--1510},
  year={2012}
}

@article{bachem2017scalable,
  title={Scalable and distributed clustering via lightweight coresets},
  author={Bachem, Olivier and Lucic, Mario and Krause, Andreas},
  journal={arXiv preprint arXiv:1702.08248},
  year={2017}
}

@misc{robert2014machine,
  title={Machine learning, a probabilistic perspective},
  author={Robert, Christian},
  year={2014},
  publisher={Taylor \& Francis}
}

@article{gupta2015processing,
  title={Processing analytical workloads incrementally},
  author={Gupta, Priyank and Koudas, Nick and Shang, Europa and Johnson, Ryan and Zuzarte, Calisto},
  journal={arXiv preprint arXiv:1509.05066},
  year={2015}
}

@inproceedings{mcdonald2009efficient,
  title={Efficient large-scale distributed training of conditional maximum entropy models},
  author={Mcdonald, Ryan and Mohri, Mehryar and Silberman, Nathan and Walker, Dan and Mann, Gideon S},
  booktitle={Advances in Neural Information Processing Systems},
  pages={1231--1239},
  year={2009}
}

@book{buhlmann2011statistics,
  title={Statistics for high-dimensional data: methods, theory and applications},
  author={B{\"u}hlmann, Peter and Van De Geer, Sara},
  year={2011},
  publisher={Springer Science \& Business Media}
}

@article{cheney2009provenance,
  title={Provenance in databases: Why, how, and where},
  author={Cheney, James and Chiticariu, Laura and Tan, Wang-Chiew and others},
  journal={Foundations and Trends{\textregistered} in Databases},
  volume={1},
  number={4},
  pages={379--474},
  year={2009},
  publisher={Now Publishers, Inc.}
}

@inproceedings{nikolic2018incremental,
  title={Incremental view maintenance with triple lock factorization benefits},
  author={Nikolic, Milos and Olteanu, Dan},
  booktitle={Proceedings of the 2018 International Conference on Management of Data},
  pages={365--380},
  year={2018},
  organization={ACM}
}

@inproceedings{thiagarajan2008querying,
  title={Querying continuous functions in a database system},
  author={Thiagarajan, Arvind and Madden, Samuel},
  booktitle={Proceedings of the 2008 ACM SIGMOD international conference on Management of data},
  pages={791--804},
  year={2008},
  organization={ACM}
}

@article{crankshawmissing,
  title={The Missing Piece in Complex Analytics: Low Latency, Scalable Model Management and Serving with Velox},
  author={Crankshaw, Daniel and Bailis, Peter and Gonzalez, Joseph E and Li, Haoyuan and Zhang, Zhao and Franklin, Michael J and Ghodsi, Ali and Jordan, Michael I}
}

@article{shin2015incremental,
  title={Incremental knowledge base construction using deepdive},
  author={Shin, Jaeho and Wu, Sen and Wang, Feiran and De Sa, Christopher and Zhang, Ce and R{\'e}, Christopher},
  journal={Proceedings of the VLDB Endowment},
  volume={8},
  number={11},
  pages={1310--1321},
  year={2015},
  publisher={VLDB Endowment}
}

@inproceedings{liefke2000view,
  title={View maintenance for hierarchical semistructured data},
  author={Liefke, Hartmut and Davidson, Susan B},
  booktitle={International Conference on Data Warehousing and Knowledge Discovery},
  pages={114--123},
  year={2000},
  organization={Springer}
}

@inproceedings{green2007provenance,
  title={Provenance semirings},
  author={Green, Todd J and Karvounarakis, Grigoris and Tannen, Val},
  booktitle={Proceedings of the twenty-sixth ACM SIGMOD-SIGACT-SIGART symposium on Principles of database systems},
  pages={31--40},
  year={2007},
  organization={ACM}
}

@article{dong2000incremental,
  title={Incremental maintenance of recursive views using relational calculus/SQL},
  author={Dong, Guozhu and Su, Jianwen},
  journal={ACM SIGMOD Record},
  volume={29},
  number={1},
  pages={44--51},
  year={2000},
  publisher={ACM}
}

@article{abiteboul1998incremental,
  title={Incremental maintenance for materialized views over semistructured data},
  author={Abiteboul, Serge and McHugh, Jason and Rys, Michael and Vassalos, Vasilis and Wiener, Janet},
  year={1998}
}

@inproceedings{zaharioudakis2000answering,
  title={Answering complex {SQL} queries using automatic summary tables},
  author={Zaharioudakis, Markos and Cochrane, Roberta and Lapis, George and Pirahesh, Hamid and Urata, Monica},
  booktitle={ACM SiGMOD Record},
  volume={29},
  number={2},
  pages={105--116},
  year={2000},
  organization={ACM}
}

@inproceedings{chaudhuri1995optimizing,
  title={Optimizing queries with materialized views},
  author={Chaudhuri, Surajit and Krishnamurthy, Ravi and Potamianos, Spyros and Shim, Kyuseok},
  booktitle={Data Engineering, 1995. Proceedings of the Eleventh International Conference on},
  pages={190--200},
  year={1995},
  organization={IEEE}
}

@inproceedings{pottinger2000scalable,
  title={A scalable algorithm for answering queries using views},
  author={Pottinger, Rachel and Levy, Alon Y},
  booktitle={VLDB},
  pages={484--495},
  year={2000}
}

@article{afrati2007using,
  title={Using views to generate efficient evaluation plans for queries},
  author={Afrati, Foto N and Li, Chen and Ullman, Jeffrey D},
  journal={Journal of Computer and System Sciences},
  volume={73},
  number={5},
  pages={703--724},
  year={2007},
  publisher={Elsevier}
}

@article{cohen2007deciding,
  title={Deciding equivalences among conjunctive aggregate queries},
  author={Cohen, Sara and Nutt, Werner and Sagiv, Yehoshua},
  journal={Journal of the ACM (JACM)},
  volume={54},
  number={2},
  pages={5},
  year={2007},
  publisher={ACM}
}

@inproceedings{cohen1999rewriting,
  title={Rewriting aggregate queries using views},
  author={Cohen, Sara and Nutt, Werner and Serebrenik, Alexander},
  booktitle={Proceedings of the eighteenth ACM SIGMOD-SIGACT-SIGART symposium on Principles of database systems},
  pages={155--166},
  year={1999},
  organization={ACM}
}

@inproceedings{srivastava1996answering,
  title={Answering queries with aggregation using views},
  author={Srivastava, Divesh and Dar, Shaul and Jagadish, Hosagrahar V and Levy, Alon Y},
  booktitle={VLDB},
  volume={96},
  number={September},
  pages={318--329},
  year={1996}
}

@inproceedings{galindo2001orthogonal,
  title={Orthogonal optimization of subqueries and aggregation},
  author={Galindo-Legaria, C{\'e}sar and Joshi, Milind},
  booktitle={ACM SIGMOD Record},
  volume={30},
  number={2},
  pages={571--581},
  year={2001},
  organization={ACM}
}

@inproceedings{zaharioudakis2000answering,
  title={Answering complex {SQL} queries using automatic summary tables},
  author={Zaharioudakis, Markos and Cochrane, Roberta and Lapis, George and Pirahesh, Hamid and Urata, Monica},
  booktitle={ACM SiGMOD Record},
  volume={29},
  number={2},
  pages={105--116},
  year={2000},
  organization={ACM}
}

@inproceedings{chandra1977optimal,
  title={Optimal implementation of conjunctive queries in relational data bases},
  author={Chandra, Ashok K and Merlin, Philip M},
  booktitle={Proceedings of the ninth annual ACM symposium on Theory of computing},
  pages={77--90},
  year={1977},
  organization={ACM}
}

@inproceedings{buneman2001and,
  title={Why and where: A characterization of data provenance},
  author={Buneman, Peter and Khanna, Sanjeev and Wang-Chiew, Tan},
  booktitle={International conference on database theory},
  pages={316--330},
  year={2001},
  organization={Springer}
}

@inproceedings{chapman2009not,
  title={Why not?},
  author={Chapman, Adriane and Jagadish, HV},
  booktitle={Proceedings of the 2009 ACM SIGMOD International Conference on Management of data},
  pages={523--534},
  year={2009},
  organization={ACM}
}

@inproceedings{amsterdamer2011provenance,
  title={Provenance for aggregate queries},
  author={Amsterdamer, Yael and Deutch, Daniel and Tannen, Val},
  booktitle={Proceedings of the thirtieth ACM SIGMOD-SIGACT-SIGART symposium on Principles of database systems},
  pages={153--164},
  year={2011},
  organization={ACM}
}

@article{xu2018provenance,
  title={Provenance Analysis for Missing Answers and Integrity Repairs},
  author={Xu, Jane and Zhang, Waley and Alawini, Abdussalam and Tannen, Val},
  journal={Data Engineering},
  pages={39},
  year={2018}
}

@article{ives2008orchestra,
  title={The {ORCHESTRA} collaborative data sharing system},
  author={Ives, Zachary G and Green, Todd J and Karvounarakis, Grigoris and Taylor, Nicholas E and Tannen, Val and Talukdar, Partha Pratim and Jacob, Marie and Pereira, Fernando},
  journal={ACM Sigmod Record},
  volume={37},
  number={3},
  pages={26--32},
  year={2008},
  publisher={ACM}
}

@article{arab2018gprom,
  title={{GProM}-A swiss army knife for your provenance needs},
  author={Arab, Bahareh S and Feng, Su and Glavic, Boris and Lee, Seokki and Niu, Xing and Zeng, Qitian},
  journal={Data Eng. Bull},
  volume={41},
  number={1},
  pages={51--62},
  year={2018}
}

@misc{jia2015caffe,
  title={Caffe model zoo},
  author={Jia, Yangqing and Shelhamer, E},
  year={2015}
}

@misc{matterport_maskrcnn_2017,
  title={Mask R-CNN for object detection and instance segmentation on Keras and TensorFlow},
  author={Waleed Abdulla},
  year={2017},
  publisher={Github},
  journal={GitHub repository},
  howpublished={\url{https://github.com/matterport/Mask_RCNN}},
}

@inproceedings{eaton2008modeling,
  title={Modeling transfer relationships between learning tasks for improved inductive transfer},
  author={Eaton, Eric and Lane, Terran and others},
  booktitle={Joint European Conference on Machine Learning and Knowledge Discovery in Databases},
  pages={317--332},
  year={2008},
  organization={Springer}
}

@article{guidotti2018survey,
  title={A survey of methods for explaining black box models},
  author={Guidotti, Riccardo and Monreale, Anna and Ruggieri, Salvatore and Turini, Franco and Giannotti, Fosca and Pedreschi, Dino},
  journal={ACM Computing Surveys (CSUR)},
  volume={51},
  number={5},
  pages={93},
  year={2018},
  publisher={ACM}
}

@inproceedings{ribeiro2016should,
  title={Why should i trust you?: Explaining the predictions of any classifier},
  author={Ribeiro, Marco Tulio and Singh, Sameer and Guestrin, Carlos},
  booktitle={Proceedings of the 22nd ACM SIGKDD international conference on knowledge discovery and data mining},
  pages={1135--1144},
  year={2016},
  organization={ACM}
}

@article{koh2017understanding,
  title={Understanding black-box predictions via influence functions},
  author={Koh, Pang Wei and Liang, Percy},
  journal={arXiv preprint arXiv:1703.04730},
  year={2017}
}

@article{karlin1994competitive,
  title={Competitive randomized algorithms for nonuniform problems},
  author={Karlin, Anna R. and Manasse, Mark S. and McGeoch, Lyle A. and Owicki, Susan},
  journal={Algorithmica},
  volume={11},
  number={6},
  pages={542--571},
  year={1994},
  publisher={Springer}
}